<record><leader>00000cas a22000007a 4500</leader><controlfield tag="001">31233945</controlfield><controlfield tag="008">941007d194919uunyuwr ne      0    0eng d</controlfield><datafield ind1=" " ind2=" " tag="010"><subfield code="a">sn 94057832 </subfield></datafield><datafield ind1=" " ind2=" " tag="040"><subfield code="a">NYS</subfield><subfield code="b">eng</subfield><subfield code="c">NYS</subfield><subfield code="d">OCLCQ</subfield><subfield code="d">OCLCF</subfield><subfield code="d">OCLCO</subfield></datafield><datafield ind1="1" ind2=" " tag="029"><subfield code="a">AU@</subfield><subfield code="b">000011305782</subfield></datafield><datafield ind1=" " ind2=" " tag="042"><subfield code="a">msc</subfield></datafield><datafield ind1=" " ind2=" " tag="043"><subfield code="a">n-us-ny</subfield></datafield><datafield ind1="0" ind2="0" tag="245"><subfield code="a">Rural Oneida newsweek.</subfield></datafield><datafield ind1="1" ind2=" " tag="246"><subfield code="i">Published as:</subfield><subfield code="a">Rural Oneida news-week</subfield><subfield code="f">&lt;Nov. 1, 1967&gt;</subfield></datafield><datafield ind1=" " ind2=" " tag="260"><subfield code="a">Holland Patent, N.Y. :</subfield><subfield code="b">Preston P. Steffen</subfield></datafield><datafield ind1=" " ind2=" " tag="300"><subfield code="a">v. ;</subfield><subfield code="c">28-31 cm.</subfield></datafield><datafield ind1=" " ind2=" " tag="310"><subfield code="a">Weekly</subfield></datafield><datafield ind1="1" ind2=" " tag="362"><subfield code="a">Began in 1949.</subfield></datafield><datafield ind1=" " ind2=" " tag="500"><subfield code="a">Published in: Barneveld, N.Y. &lt;Oct. 20, 1949&gt;.</subfield></datafield><datafield ind1=" " ind2=" " tag="588"><subfield code="a">Description based on: Vol. 1, no. 2 (Feb. 17, 1949).</subfield></datafield><datafield ind1=" " ind2=" " tag="588"><subfield code="a">Latest issue consulted: 21st year, 36th issue (Nov. 1, 1967).</subfield></datafield><datafield ind1=" " ind2="0" tag="651"><subfield code="a">Barneveld (N.Y.)</subfield><subfield code="v">Newspapers.</subfield></datafield><datafield ind1=" " ind2="0" tag="651"><subfield code="a">Oneida County (N.Y.)</subfield><subfield code="v">Newspapers.</subfield></datafield><datafield ind1=" " ind2="4" tag="651"><subfield code="a">Holland Patent (N.Y.)</subfield><subfield code="v">Newspapers.</subfield></datafield><datafield ind1=" " ind2="7" tag="655"><subfield code="a">Newspapers.</subfield><subfield code="2">fast</subfield><subfield code="0">(OCoLC)fst01423814</subfield></datafield><datafield ind1=" " ind2="7" tag="651"><subfield code="a">New York (State)</subfield><subfield code="z">Barneveld.</subfield><subfield code="2">fast</subfield><subfield code="0">(OCoLC)fst01268654</subfield></datafield><datafield ind1=" " ind2="7" tag="651"><subfield code="a">New York (State)</subfield><subfield code="z">Oneida County.</subfield><subfield code="2">fast</subfield><subfield code="0">(OCoLC)fst01209049</subfield></datafield><datafield ind1=" " ind2=" " tag="752"><subfield code="a">United States</subfield><subfield code="b">New York</subfield><subfield code="c">Oneida</subfield><subfield code="d">Holland Patent.</subfield></datafield><datafield ind1=" " ind2=" " tag="752"><subfield code="a">United States</subfield><subfield code="b">New York</subfield><subfield code="c">Oneida</subfield><subfield code="d">Barneveld.</subfield></datafield><datafield ind1="0" ind2="0" tag="785"><subfield code="t">Oneida County home news</subfield><subfield code="w">(DLC)sn 93063695</subfield><subfield code="w">(OCoLC)29334121</subfield></datafield></record>